@ARTICLE{Cauchy20182305,
author={Cauchy, P. and Heywood, K.J. and Merchant, N.D. and Queste, B.Y. and Testor, P.},
title={Wind speed measured from underwater gliders using passive acoustics},
journal={Journal of Atmospheric and Oceanic Technology},
year={2018},
volume={35},
number={12},
pages={2305-2321},
doi={10.1175/JTECH-D-17-0209.1},
note={cited By 0},
url={https://www.scopus.com/inward/record.uri?eid=2-s2.0-85059262308&doi=10.1175%2fJTECH-D-17-0209.1&partnerID=40&md5=55c0cdebff65dee25ae2d2196aa2c253},
document_type={Article},
source={Scopus},
}